
@Article{1,
  shorthand   = {DL4J},
  title		= {Feedforward Neuron},
  author         = {Deeplearning4j Development Team},
  url 		= {http://deeplearning4j.org/neuralnet-overview},
  urldate 	= {2016-06-30}
}

@online{2,
  author	= {Christopher Olah},
  title		= {Understanding LSTM Networks},
  url 		= {https://colah.github.io/posts/2015-08-Understanding-LSTMs/},
  urldate 	= {2016-07-12},
  year		= {2015}
}

@Article{sampleBib,
  author	= 	 {Author One and Author Two},
  title		= 	 {A Sample Publication},
  year		= 	 {2010}
}
