
@online{DL4J,
  keywords    = {other},
  shorthand   = {DL4J},
  title		= {Deeplearning4j: Open-source distributed deep learning for the JVM},
  organization = {Deeplearning4j Development Team DL4J},
  version 	= {Apache Software Foundation License 2.0},
  url 		= {http://deeplearning4j.org/},
  urldate 	= {2016-06-30}
}

@online{Olah,
  keywords    = {other},
  shorthand   = {Olah 2015},
  author	= {Christopher Olah},
  title		= {Understanding LSTM Networks},
  url 		= {https://colah.github.io/posts/2015-08-Understanding-LSTMs/},
  urldate 	= {2016-07-12},
  year		= {2015}
}

@online{Boden,
  keywords    = {other},
  shorthand   = {Boden 2001},
  author	= {Mikael Boden},
  title		= {A guide to recurrent neural networks and backpropagation},
  url 		= {http://citeseerx.ist.psu.edu/viewdoc/download?doi=10.1.1.16.6652&rep=rep1&type=pdf},
  year            = {2001},
  urldate 	= {2016-07-16}
}

@online{Breitner,
  keywords    = {other},
  shorthand   = {Breitner 2014},
  author	= {Michael H. Breitner},
  title		= {Neuronales Netz},
  url 		= {http://www.enzyklopaedie-der-wirtschaftsinformatik.de/lexikon/technologien-methoden/KI-und-Softcomputing/Neuronales-Netz},
  urldate 	= {2016-08-09},
  year		= {2014}
}

@online{ND4J,
  keywords    = {other},
  shorthand   = {ND4J},
  title		= {ND4J: N-dimensional arrays and scientific computing for the JVM},
  organization = {ND4J Development Team},
  version 	= {Apache Software Foundation License 2.0},
  url 		= {http://nd4j.org/getstarted.html},
  urldate 	= {2016-07-02}
}

@online{Magenta,
  keywords    = {other},
  shorthand   = {Magenta},
  title		= {Magenta: Music and Art Generation with Machine Intelligence},
  organization = {Google Brain Team},
  url 		= {https://github.com/tensorflow/magenta},
  urldate 	= {2017-02-02}
}

@online{bachbot,
  keywords    = {other},
  shorthand   = {BachBot},
  title		= {The BachBot Challenge: Can you tell the difference between Bach and a computer?},
  author	= {Feynman Liang und Mark Gotham und Marcin Tomczak und Matthew Johnson und Jamie Shotton},
  url 		= {http://bachbot.com/#/?_k=y9plwb},
  urldate 	= {2017-02-02}
}

@online{Asimov,
  keywords    = {other},
  shorthand   = {Brinkkemper 2016},
  title		= {Analyzing six deep learning tools for music generation},
  author	= {Frank Brinkkemper},
  url 		= {http://www.asimovinstitute.org/analyzing-deep-learning-tools-music/},
  urldate 	= {2017-02-02},
year		= {2016}
}

@online{GRUV,
  keywords    = {other},
  shorthand   = {GRUV},
  author	= {Matthew Vitelli und Aran Nayebi},
  url 		= {https://github.com/MattVitelli/GRUV},
  urldate 	= {2017-02-02}
}

@article{GruvPaper,
  keywords    = {other},
  shorthand   = {Vitelli u. Nayebi 2015},
  author	= {Matthew Vitelli und Aran Nayebi},
  title		= {GRUV: Algorithmic Music Generation using Recurrent Neural Networks},
  url 		= {https://cs224d.stanford.edu/reports/NayebiAran.pdf},
  urldate 	= {2017-02-02},
  year		= {2015}
}


@article{SpaceOdyssey,
  keywords    = {other},
  shorthand   = {Greff u. a. 2015},
  author	= {Klaus Greff und Rupesh Kumar Srivastva und Jan Koutnik und Bas R. Steunebrink und J"urgen Schmidhuber},
  title		= {{LSTM:} {A} Search Space Odyssey},
  journal   	= {CoRR},
  volume   	= {abs/1503.04069},
  url 		= {http://arxiv.org/abs/1503.04069},
  urldate 	= {2016-09-08},
  year		= {2015}
}

@article{Wen,
  keywords    = {other},
  shorthand   = {Wen u. a. 2015},
  author	= {Tsung-Hsien Wen und Milica Gasic und Nikola Mrksic und Pei-hao Su und David Vandyke und Steve J. Young},
  title		= {Semantically Conditioned LSTM-based Natural Language Generation for Spoken Dialogue Systems},
  journal   	= {CoRR},
  volume   	= {abs/1508.01745},
  url 		= {http://arxiv.org/abs/1508.01745},
  urldate 	= {2016-09-08},
  year		= {2015}
}

@article{Chen,
  keywords    = {other},
  shorthand   = {Chen u. a. 2016},
  author	= {Yuwen Chen und Kunhua Zhong und Ju Zhang und Qilong Sun und Xueliang Zhao},
  title		= {LSTM Networks for Mobile Human Activity Recognition},
  url 		= {http://www.atlantis-press.com/php/paper-details.php?from=author+index&id=25849464&querystr=authorstr%3DC},
  urldate 	= {2016-09-08},
  year		= {2016}
}

@article{Lyu,
  keywords    = {other},
  shorthand   = {Lyu u. a. 2015},
  author	= {Qi Lyu und Zhiyong Wu und Jun Zhu},
  title		= {Polyphonic Music Modelling with LSTM-RTRBM},
  url 		= {http://dl.acm.org/citation.cfm?id=2806383},
  urldate 	= {2016-09-08},
  year		= {2015}
}


@misc{DL4Jimg1,
  keywords    = {images},
  author	= {Deeplearning4j Development Team},
  url 		= {http://deeplearning4j.org/neuralnet-overview},
  urldate 	= {2016-06-30}
}

@Article{BPTT,
  keywords    = {images},
  author	= {Mikael Boden},
  url 		= {http://citeseerx.ist.psu.edu/viewdoc/download?doi=10.1.1.16.6652&rep=rep1&type=pdf},
  year            = {2001},
  urldate 	= {2016-07-16}
}

@misc{OlahImg,
  keywords    = {images},
  author	= {Christopher Olah},
  url 		= {https://colah.github.io/posts/2015-08-Understanding-LSTMs/},
  urldate 	= {2016-07-12}
}

@Article{sampleBib,
  author	= 	 {Author One and Author Two},
  title		= 	 {A Sample Publication},
  year		= 	 {2010}
}
